<?xml version='1.0' encoding='UTF-8'?>
<record xmlns="http://www.loc.gov/MARC21/slim">
  <leader>01070cam a22003015  4500</leader>
  <controlfield tag="001">2787183</controlfield>
  <controlfield tag="003">NjP</controlfield>
  <controlfield tag="005">20171013180945.0</controlfield>
  <controlfield tag="008">991117s1946    ua a          000 0 ara d</controlfield>
  <datafield tag="024" ind1="7" ind2=" ">
    <subfield code="a">princeton_aco002390</subfield>
    <subfield code="2">local</subfield>
  </datafield>
  <datafield ind1=" " ind2=" " tag="035">
    <subfield code="a">(OCoLC)ocn178682787</subfield>
  </datafield>
  <datafield ind1=" " ind2=" " tag="035">
    <subfield code="a">(OCoLC)ocm42844601</subfield>
  </datafield>
  <datafield ind1=" " ind2=" " tag="035">
    <subfield code="a">(OCoLC)178682787</subfield>
  </datafield>
  <datafield ind1=" " ind2=" " tag="035">
    <subfield code="9">CNJ6181TS</subfield>
  </datafield>
  <datafield ind1=" " ind2=" " tag="035">
    <subfield code="a">(NjP)2787183</subfield>
  </datafield>
  <datafield ind1=" " ind2=" " tag="040">
    <subfield code="a">PUL</subfield>
    <subfield code="c">PUL</subfield>
    <subfield code="d">PUL</subfield>
  </datafield>
  <datafield ind1=" " ind2=" " tag="049">
    <subfield code="a">PULL</subfield>
  </datafield>
  <datafield ind1=" " ind2=" " tag="079">
    <subfield code="a">ocm42844601</subfield>
  </datafield>
  <datafield ind1="2" ind2=" " tag="110">
    <subfield code="a">American University at Cairo.</subfield>
    <subfield code="0">http://id.loc.gov/authorities/names/n50060758</subfield>
  </datafield>
  <datafield ind1="0" ind2="4" tag="245">
    <subfield code="6">880-01</subfield>
    <subfield code="a">al-ʻĀlam al-ʻarabī al-yawm;</subfield>
    <subfield code="b">silsilat buḥūth ...</subfield>
  </datafield>
  <datafield ind1=" " ind2=" " tag="260">
    <subfield code="a">Cairo,</subfield>
    <subfield code="c">1946.</subfield>
  </datafield>
  <datafield ind1=" " ind2=" " tag="300">
    <subfield code="a">104 p.</subfield>
    <subfield code="b">illus.</subfield>
    <subfield code="c">25 cm.</subfield>
  </datafield>
  <datafield ind1=" " ind2=" " tag="546">
    <subfield code="a">In Arabic.</subfield>
  </datafield>
  <datafield ind1=" " ind2=" " tag="500">
    <subfield code="a">Contributions by Muḥammad ʻAbd al-Munʻim al-Sharqāwī, ʻAbbās ʻAmmār, and others.</subfield>
  </datafield>
  <datafield ind1=" " ind2="0" tag="651">
    <subfield code="a">Arab countries.</subfield>
    <subfield code="0">http://id.loc.gov/authorities/subjects/sh85006278</subfield>
  </datafield>
  <datafield ind1="0" ind2="2" tag="880">
    <subfield code="6">245-01/r</subfield>
    <subfield code="a">العالم العربي اليوم؛</subfield>
    <subfield code="b">سلسلة بحوث ...</subfield>
  </datafield>
  <datafield ind1=" " ind2=" " tag="911">
    <subfield code="a">20000130</subfield>
  </datafield>
  <datafield ind1=" " ind2=" " tag="994">
    <subfield code="a">C0</subfield>
    <subfield code="b">PUL</subfield>
  </datafield>
  <datafield ind1=" " ind2=" " tag="999">
    <subfield code="a">2787183</subfield>
  </datafield>
  <datafield ind1="0" ind2="0" tag="852">
    <subfield code="0">3098146</subfield>
    <subfield code="b">nec</subfield>
    <subfield code="t">1</subfield>
    <subfield code="h">DS36.7</subfield>
    <subfield code="i">.A447 1946</subfield>
  </datafield>
  <datafield ind1=" " ind2=" " tag="959">
    <subfield code="a">2009-06-29 11:13:53 -0400</subfield>
  </datafield>
</record>
